<record><leader>00000cas a22000007a 4500</leader><controlfield tag="001">19996893</controlfield><controlfield tag="008">890712d19671976mouwr ne      0    0eng d</controlfield><datafield ind1=" " ind2=" " tag="010"><subfield code="a">sn 89066688 </subfield></datafield><datafield ind1=" " ind2=" " tag="040"><subfield code="a">MQN</subfield><subfield code="b">eng</subfield><subfield code="c">MQN</subfield><subfield code="d">OCLCQ</subfield></datafield><datafield ind1=" " ind2=" " tag="042"><subfield code="a">msc</subfield></datafield><datafield ind1="0" ind2="4" tag="245"><subfield code="a">The Randolph County times-herald and Clifton Hill rustler.</subfield></datafield><datafield ind1=" " ind2=" " tag="260"><subfield code="a">Huntsville, Mo. :</subfield><subfield code="b">Times Pub. Co.,</subfield><subfield code="c">1967-1976.</subfield></datafield><datafield ind1=" " ind2=" " tag="300"><subfield code="a">v.</subfield></datafield><datafield ind1=" " ind2=" " tag="310"><subfield code="a">Weekly</subfield></datafield><datafield ind1="0" ind2=" " tag="362"><subfield code="a">Vol. 37, no. 6 (May 18, 1967)-v. 45, no. 49 (Mar. 4, 1976).</subfield></datafield><datafield ind1=" " ind2=" " tag="515"><subfield code="a">Continues numbering of The Randolph County times-herald; vol. 37, no. 11 misnumbered v. 37, no. 6 (May 18, 1967).</subfield></datafield><datafield ind1=" " ind2=" " tag="752"><subfield code="a">United States</subfield><subfield code="b">Missouri</subfield><subfield code="c">Randolph</subfield><subfield code="d">Huntsville.</subfield></datafield><datafield ind1="0" ind2="4" tag="780"><subfield code="t">Clifton Hill rustler</subfield><subfield code="w">(DLC)sn 90061850</subfield></datafield><datafield ind1="0" ind2="4" tag="780"><subfield code="t">Randolph County times-herald</subfield><subfield code="w">(DLC)sn 83016982</subfield></datafield><datafield ind1="0" ind2="7" tag="785"><subfield code="t">Higbee news</subfield><subfield code="w">(DLC)sn 89066683</subfield></datafield><datafield ind1="0" ind2="7" tag="785"><subfield code="t">Randolph County Huntsville times-herald</subfield><subfield code="w">(DLC)sn 89066689</subfield></datafield></record>